@article{berners2001semantic,
    title = {The semantic web},
    author = {Berners-Lee, Tim and Hendler, James and Lassila, Ora},
    journal = {Scientific american},
    volume = {284},
    number = {5},
    pages = {34--43},
    year = {2001},
    publisher = {JSTOR}
}
@misc{RDF,
    author = {Klyne, Graham and Carroll, Jeremy J.},
    title = {Resource Description Framework (RDF): Concepts and Abstract Syntax},
    year = {2004},
    howpublished = {\url{https://www.w3.org/TR/rdf-concepts/}},
    note = {(Accessed on 01/06/2022)}
}
@incollection{OWL,
    title = {OWL: Web ontology language},
    author = {Bechhofer, Sean and {\"O}zsu, M Tamer and Liu, Ling},
    booktitle = {$\{$Encyclopedia of Database Systems$\}$},
    year = {2009},
    publisher = {Springer Nature}
}
@incollection{RDFS,
    title = {The resource description framework (RDF) and its vocabulary description language RDFS},
    author = {McBride, Brian},
    booktitle = {Handbook on ontologies},
    pages = {51--65},
    year = {2004},
    publisher = {Springer}
}
@misc{SPARQL,
    author = {Prud'hommeaux, Eric and Seaborne, Andy},
    title = {SPARQL Query Language for RDF},
    howpublished = {\url{https://www.w3.org/TR/rdf-sparql-query/}},
    year = {2008},
    note = {(Accessed on 01/06/2022)}
}
@misc{lod_cloud,
author = {McCrae, John P.},
title = {The Linked Open Data Cloud},
howpublished = {\url{https://lod-cloud.net/}},
year = {2007},
note = {(Accessed on 01/06/2022)}
}
@inproceedings{debattista2019lod,
  title={Is the LOD cloud at risk of becoming a museum for datasets? Looking ahead towards a fully collaborative and sustainable LOD cloud},
  author={Debattista, Jeremy and Attard, Judie and Brennan, Rob and O'Sullivan, Declan},
  booktitle={Companion Proceedings of The 2019 World Wide Web Conference},
  pages={850--858},
  year={2019}
}
@inproceedings{schmachtenberg2014adoption,
  title={Adoption of the linked data best practices in different topical domains},
  author={Schmachtenberg, Max and Bizer, Christian and Paulheim, Heiko},
  booktitle={International Semantic Web Conference},
  pages={245--260},
  year={2014},
  organization={Springer}
}
@article{kamdar2019enabling,
  title={Enabling web-scale data integration in biomedicine through linked open data},
  author={Kamdar, Maulik R and Fern{\'a}ndez, Javier D and Polleres, Axel and Tudorache, Tania and Musen, Mark A},
  journal={NPJ digital medicine},
  volume={2},
  number={1},
  pages={1--14},
  year={2019},
  publisher={Nature Publishing Group}
}
